<record><leader>00000cas a22000007a 4500</leader><controlfield tag="001">10081619</controlfield><controlfield tag="008">831101d19471958azuwr ne      0   a0eng d</controlfield><datafield ind1=" " ind2=" " tag="010"><subfield code="a">sn 92050566 </subfield></datafield><datafield ind1=" " ind2=" " tag="040"><subfield code="a">AZU</subfield><subfield code="b">eng</subfield><subfield code="c">AZU</subfield><subfield code="d">ANN</subfield><subfield code="d">OCLCQ</subfield><subfield code="d">OCLCF</subfield><subfield code="d">OCLCO</subfield></datafield><datafield ind1="1" ind2=" " tag="029"><subfield code="a">AU@</subfield><subfield code="b">000011426126</subfield></datafield><datafield ind1=" " ind2=" " tag="042"><subfield code="a">msc</subfield></datafield><datafield ind1=" " ind2=" " tag="043"><subfield code="a">n-us-az</subfield></datafield><datafield ind1="0" ind2=" " tag="130"><subfield code="a">Eloy enterprise (Eloy, Ariz. : 1947)</subfield></datafield><datafield ind1="1" ind2="4" tag="245"><subfield code="a">The Eloy enterprise.</subfield></datafield><datafield ind1="3" ind2="0" tag="246"><subfield code="a">Eloy cotton city enterprise</subfield></datafield><datafield ind1=" " ind2=" " tag="260"><subfield code="a">Eloy, Ariz. :</subfield><subfield code="b">W.O. Wildman,</subfield><subfield code="c">1947-1958.</subfield></datafield><datafield ind1=" " ind2=" " tag="300"><subfield code="a">v. :</subfield><subfield code="b">ill.</subfield></datafield><datafield ind1=" " ind2=" " tag="310"><subfield code="a">Weekly</subfield></datafield><datafield ind1="0" ind2=" " tag="362"><subfield code="a">Vol. 1, no. 1 (Feb. 28, 1947)-v. 12, no. 2 (Feb. 27, 1958).</subfield></datafield><datafield ind1=" " ind2=" " tag="500"><subfield code="a">"Cotton City" appears above the masthead ornament.</subfield></datafield><datafield ind1=" " ind2=" " tag="515"><subfield code="a">Some numbers issued out of chronological order.</subfield></datafield><datafield ind1=" " ind2="0" tag="651"><subfield code="a">Eloy (Ariz.)</subfield><subfield code="v">Newspapers.</subfield></datafield><datafield ind1=" " ind2="0" tag="651"><subfield code="a">Pinal County (Ariz.)</subfield><subfield code="v">Newspapers.</subfield></datafield><datafield ind1=" " ind2="7" tag="655"><subfield code="a">Newspapers.</subfield><subfield code="2">fast</subfield><subfield code="0">(OCoLC)fst01423814</subfield></datafield><datafield ind1=" " ind2="7" tag="651"><subfield code="a">Arizona</subfield><subfield code="z">Eloy.</subfield><subfield code="2">fast</subfield><subfield code="0">(OCoLC)fst01216954</subfield></datafield><datafield ind1=" " ind2="7" tag="651"><subfield code="a">Arizona</subfield><subfield code="z">Pinal County.</subfield><subfield code="2">fast</subfield><subfield code="0">(OCoLC)fst01206040</subfield></datafield><datafield ind1=" " ind2=" " tag="752"><subfield code="a">United States</subfield><subfield code="b">Arizona</subfield><subfield code="c">Pinal</subfield><subfield code="d">Eloy.</subfield></datafield><datafield ind1="0" ind2="0" tag="785"><subfield code="t">Enterprise (Eloy, Ariz.)</subfield><subfield code="w">(DLC)sn 94050567</subfield></datafield></record>